@inproceedings{tran2016deep,
	title={Deep end2end voxel2voxel prediction},
	author={Tran, Du and Bourdev, Lubomir and Fergus, Rob and Torresani, Lorenzo and Paluri, Manohar},
	booktitle={CVPR},
	year={2016}
}