% !Mode:: "TeX:UTF-8"
@inproceedings{simonyan2014two,
	title={Two-stream convolutional networks for action recognition in videos},
	author={Simonyan, Karen and Zisserman, Andrew},
	booktitle={NIPS},
	year={2014}
}
@inproceedings{wang2016temporal,
	title={Temporal segment networks: Towards good practices for deep action recognition},
	author={Wang, Limin and Xiong, Yuanjun and Wang, Zhe and others},
	booktitle={ECCV},
	year={2016},
}
@InProceedings{Zhao_2017_ICCV,
	author = {Zhao, Yue and Xiong, Yuanjun and Wang, Limin and others},
	title = {Temporal Action Detection With Structured Segment Networks},
	booktitle = {ICCV},
	year = {2017}
}
@article{lin2017single,
	title={Single Shot Temporal Action Detection},
	author={Lin, Tianwei and Zhao, Xu and Shou, Zheng},
	journal={ACM MM},
	year={2017}}
@InProceedings{Hong_2015_CVPR,
	author = {Hong, Zhibin and Chen, Zhe and Wang, Chaohui and others},
	title = {MUlti-Store Tracker (MUSTer): A Cognitive Psychology Inspired Approach to Object Tracking},
	booktitle = {CVPR},
	year = {2015}
}
@InProceedings{Tao_2016_CVPR,
	author = {Tao, Ran and Gavves, Efstratios and Smeulders, Arnold W.M.},
	title = {Siamese Instance Search for Tracking},
	booktitle = {CVPR},
	year = {2016}
}
@inproceedings{krizhevsky2012imagenet,
	title={Imagenet classification with deep convolutional neural networks},
	author={Krizhevsky, Alex and Sutskever, Ilya and Hinton, Geoffrey E},
	booktitle={NIPS},
	year={2012}
}
@article{Simonyan2014Very,
	title={Very Deep Convolutional Networks for Large-Scale Image Recognition},
	author={Simonyan, Karen and Zisserman, Andrew},
	journal={Computer Science},
	year={2014},
}
@inproceedings{he2016deep,
	title={Deep residual learning for image recognition},
	author={He, Kaiming and Zhang, Xiangyu and Ren, Shaoqing and others},
	booktitle={CVPR},
	year={2016}
}
@inproceedings{ren2015faster,
	title={Faster R-CNN: Towards real-time object detection with region proposal networks},
	author={Ren, Shaoqing and He, Kaiming and Girshick, Ross and others},
	booktitle={NIPS},
	year={2015}
}
@inproceedings{liu2016ssd,
	title={Ssd: Single shot multibox detector},
	author={Liu, Wei and Anguelov, Dragomir and Erhan, Dumitru and others},
	booktitle={ECCV},
	year={2016},
}
@inproceedings{Redmon2017YOLO9000,
	title={YOLO9000: Better, Faster, Stronger},
	author={Redmon, Joseph and Farhadi, Ali},
	booktitle={CVPR},
	year={2017},
}
@inproceedings{revaud2015epicflow,
	title={Epicflow: Edge-preserving interpolation of correspondences for optical flow},
	author={Revaud, Jerome and Weinzaepfel, Philippe and Harchaoui, Zaid and others},
	booktitle={CVPR},
	year={2015}
}
@inproceedings{dosovitskiy2015flownet,
	title={Flownet: Learning optical flow with convolutional networks},
	author={Dosovitskiy, Alexey and Fischer, Philipp and Ilg, Eddy and others},
	booktitle={ICCV},
	year={2015}
}
@inproceedings{ranjan2017optical,
	title={Optical flow estimation using a spatial pyramid network},
	author={Ranjan, Anurag and Black, Michael J},
	booktitle={CVPR},
	year={2017}
}
@InProceedings{Sun_2018_CVPR,
	author = {Sun, Deqing and Yang, Xiaodong and Liu, Ming-Yu and others},
	title = {PWC-Net: CNNs for Optical Flow Using Pyramid, Warping, and Cost Volume},
	booktitle = {CVPR},
	year = {2018}
}
@article{horn1981determining,
	title={Determining optical flow},
	author={Horn, Berthold KP and Schunck, Brian G},
	journal={Artificial intelligence},
	volume={17},
	number={1-3},
	pages={185--203},
	year={1981},
	publisher={Elsevier}
}
@inproceedings{brox2004high,
	title={High accuracy optical flow estimation based on a theory for warping},
	author={Brox, Thomas and Bruhn, Andr{\'e}s and Papenberg, Nils and others},
	booktitle={ECCV},
	year={2004},
}
@article{brox2010large,
	title={Large displacement optical flow: descriptor matching in variational motion estimation},
	author={Brox, Thomas and Malik, Jitendra},
	journal={TPAMI},
	volume={33},
	number={3},
	pages={500--513},
	year={2010},
	publisher={IEEE}
}
@inproceedings{Weinzaepfel2013DeepFlow,
	title={DeepFlow: Large Displacement Optical Flow with Deep Matching},
	author={Weinzaepfel, Philippe and Revaud, Jerome and Harchaoui, Zaid and others},
	booktitle={ICCV},
	year={2013},
}
@article{zimmer2011optic,
	title={Optic flow in harmony},
	author={Zimmer, Henning and Bruhn, Andr{\'e}s and Weickert, Joachim},
	journal={IJCV},
	volume={93},
	number={3},
	pages={368--388},
	year={2011},
	publisher={Springer}
}
@article{Thewlis2016Fully,
	title={Fully-Trainable Deep Matching},
	author={Thewlis, James and Zheng, Shuai and Torr, Philip H. S. and others},
	journal={BMVC},
	year={2016},
}
@inproceedings{Gadot2016PatchBatch,
	title={PatchBatch: A Batch Augmented Loss for Optical Flow},
	author={Gadot, David and Wolf, Lior},
	booktitle={CVPR},
	year={2016},
}
@inproceedings{bailer2017cnn,
	title={CNN-based patch matching for optical flow with thresholded hinge embedding loss},
	author={Bailer, Christian and Varanasi, Kiran and Stricker, Didier},
	booktitle={CVPR},
	year={2017},
}
@InProceedings{Ilg_2017_CVPR,
	author = {Ilg, Eddy and Mayer, Nikolaus and Saikia, Tonmoy and others},
	title = {FlowNet 2.0: Evolution of Optical Flow Estimation With Deep Networks},
	booktitle = {CVPR},
	year = {2017}
}
@inproceedings{hui2018liteflownet,
	title={Liteflownet: A lightweight convolutional neural network for optical flow estimation},
	author={Hui, Tak-Wai and Tang, Xiaoou and Change Loy, Chen},
	booktitle={CVPR},
	year={2018}
}
@inproceedings{Mayer2016A,
	title={A Large Dataset to Train Convolutional Networks for Disparity, Optical Flow, and Scene Flow Estimation},
	author={Mayer, Nikolaus and Ilg, Eddy and Hausser, Philip and others},
	booktitle={CVPR},
	year={2016},
}
@inproceedings{Butler2012A,
	title={A Naturalistic Open Source Movie for Optical Flow Evaluation},
	author={Butler, Daniel J. and Wulff, Jonas and Stanley, Garrett B. and others},
	booktitle={ECCV},
	year={2012},
}
@inproceedings{Geiger2012Are,
	title={Are we ready for autonomous driving? The KITTI vision benchmark suite},
	author={Geiger, A and Lenz, P and Urtasun, R},
	booktitle={CVPR},
	year={2012},
}
@inproceedings{Menze2015Object,
	title={Object scene flow for autonomous vehicles},
	author={Menze, Moritz and Geiger, Andreas},
	booktitle={CVPR},
	year={2015},
}
@inproceedings{wulff2015efficient,
	title={Efficient sparse-to-dense optical flow estimation using a learned basis and layers},
	author={Wulff, Jonas and Black, Michael J},
	booktitle={CVPR},
	year={2015}
}
@inproceedings{bailer2015flow,
	title={Flow fields: Dense correspondence fields for highly accurate large displacement optical flow estimation},
	author={Bailer, Christian and Taetz, Bertram and Stricker, Didier},
	booktitle={ICCV},
	year={2015}
}

@inproceedings{Chen2016Full,
	title={Full Flow: Optical Flow Estimation By Global Optimization over Regular Grids},
	author={Chen, Qifeng and Koltun, Vladlen},
	booktitle={CVPR},
	year={2016},
}
@inproceedings{guney2016deep,
	title={Deep discrete flow},
	author={G{\"u}ney, Fatma and Geiger, Andreas},
	booktitle={ACCV},
	year={2016},
}
@InProceedings{Xu_2017_CVPR,
	author = {Xu, Jia and Ranftl, Rene and Koltun, Vladlen},
	title = {Accurate Optical Flow via Direct Cost Volume Processing},
	booktitle = {CVPR},
	year = {2017}
}
@InProceedings{yin2018hierarchical,
	title={Hierarchical Discrete Distribution Decomposition for Match Density Estimation},
	author={Yin, Zhichao and Darrell, Trevor and Yu, Fisher},
	booktitle = {CVPR},
	year={2019}}
@InProceedings{hur2019iterative,
	title={Iterative Residual Refinement for Joint Optical Flow and Occlusion Estimation.},
	author={Hur, Junhwa and Roth, Stefan},
	booktitle = {CVPR},
	year={2019}}
@article{liu2019selflow,
	title={SelFlow: Self-Supervised Learning of Optical Flow},
	author={Liu, Pengpeng and Lyu, Michael R and King, Irwin and others},
	journal={CVPR},
	year={2019}}
@article{du2018interaction-aware,
	title={Interaction-Aware Spatio-Temporal Pyramid Attention Networks for Action Classification},
	author={Du, Yang and Yuan, Chunfeng and Li, Bing and others},
	journal={ECCV},
	year={2018}}
@article{zhang2019self-attention,
	title={Self-Attention Generative Adversarial Networks},
	author={Zhang, Han and Goodfellow, Ian and Metaxas, Dimitris N and others},
	journal={ICML},
	year={2019}}
@article{hu2018relation,
	title={Relation Networks for Object Detection},
	author={Hu, Han and Gu, Jiayuan and Zhang, Zheng and others},
	journal={CVPR},
	year={2018}}
@article{fu2018dual,
	title={Dual Attention Network for Scene Segmentation},
	author={Fu, Jun and Liu, Jing and Tian, Haijie and others},
	journal={CVPR},
	year={2018}}
@article{wang2017non-local,
	title={Non-local Neural Networks},
	author={Wang, Xiaolong and Girshick, Ross and Gupta, Abhinav and others},
	journal={CVPR},
	year={2018}}
@article{woo2018cbam,
	title={CBAM: Convolutional Block Attention Module},
	author={Woo, Sanghyun and Park, Jongchan and Lee, Joonyoung and others},
	journal={ECCV},
	year={2018}}
@article{cao2019gcnet,
	title={GCNet: Non-local Networks Meet Squeeze-Excitation Networks and Beyond.},
	author={Cao, Yue and Xu, Jiarui and Lin, Stephen and others},
	journal={CVPR},
	year={2019}}
@article{shi2016real-time,
	title={Real-Time Single Image and Video Super-Resolution Using an Efficient Sub-Pixel Convolutional Neural Network},
	author={Shi, Wenzhe and Caballero, Jose and Huszar, Ferenc and others},
	journal={CVPR},
	year={2016}}
%%%翻译部分%%%%
@inproceedings{ahmadi2016unsupervised,
	title={Unsupervised convolutional neural networks for motion estimation},
	author={Ahmadi, Aria and Patras, Ioannis},
	booktitle={2016 IEEE international conference on image processing (ICIP)},
	pages={1629--1633},
	year={2016},
	organization={IEEE}
}

[2] bailer2015flow

@inproceedings{bailer2017cnn,
	title={CNN-based patch matching for optical flow with thresholded hinge embedding loss},
	author={Bailer, Christian and Varanasi, Kiran and Stricker, Didier},
	booktitle={CVPR},
	year={2017}
}

@inproceedings{bao2014fast,
	title={Fast edge-preserving patchmatch for large displacement optical flow},
	author={Bao, Linchao and Yang, Qingxiong and Jin, Hailin},
	booktitle={CVPR},
	year={2014}
}

@inproceedings{bengio2009curriculum,
	title={Curriculum learning},
	author={Bengio, Yoshua and Louradour, J{\'e}r{\^o}me and Collobert, Ronan and Weston, Jason},
	booktitle={ICML},
	year={2009}
}
@inproceedings{brox2004high,
	title={High accuracy optical flow estimation based on a theory for warping},
	author={Brox, Thomas and Bruhn, Andr{\'e}s and Papenberg, Nils and Weickert, Joachim},
	booktitle={ECCV},
	year={2004}
}

[7]brox2010large

@inproceedings{carreira2016human,
	title={Human pose estimation with iterative error feedback},
	author={Carreira, Joao and Agrawal, Pulkit and Fragkiadaki, Katerina and Malik, Jitendra},
	booktitle={CVPR},
	year={2016}
}

@article{chen2016trainable,
	title={Trainable nonlinear reaction diffusion: A flexible framework for fast and effective image restoration},
	author={Chen, Yunjin and Pock, Thomas},
	journal={IEEE transactions on pattern analysis and machine intelligence},
	volume={39},
	number={6},
	pages={1256--1272},
	year={2016},
	publisher={IEEE}
}

[10] dosovitskiy2015flownet

@article{elman1993learning,
	title={Learning and development in neural networks: The importance of starting small},
	author={Elman, Jeffrey L},
	journal={Cognition},
	volume={48},
	number={1},
	pages={71--99},
	year={1993},
	publisher={Elsevier}
}

[12]Gadot2016PatchBatch

[13]guney2016deep

@inproceedings{keuper2015motion,
	title={Motion trajectory segmentation via minimum cost multicuts},
	author={Keuper, Margret and Andres, Bjoern and Brox, Thomas},
	booktitle={CVPR},
	year={2015}
}

@inproceedings{kroeger2016fast,
	title={Fast optical flow using dense inverse search},
	author={Kroeger, Till and Timofte, Radu and Dai, Dengxin and Van Gool, Luc},
	booktitle={ECCV},
	year={2016},
}

@article{lucas1981iterative,
	title={An iterative image registration technique with an application to stereo vision},
	author={Lucas, Bruce D and Kanade, Takeo and others},
	year={1981},
	publisher={Vancouver, British Columbia}
}

@inproceedings{newell2016stacked,
	title={Stacked hourglass networks for human pose estimation},
	author={Newell, Alejandro and Yang, Kaiyu and Deng, Jia},
	booktitle={ECCV},
	year={2016},
}

[18]Mayer2016A


@article{ochs2013segmentation,
	title={Segmentation of moving objects by long term video analysis},
	author={Ochs, Peter and Malik, Jitendra and Brox, Thomas},
	journal={IEEE transactions on pattern analysis and machine intelligence},
	volume={36},
	number={6},
	pages={1187--1200},
	year={2013},
	publisher={IEEE}
}

[20]ranjan2017optical

[21]revaud2015epicflow

@inproceedings{romera2016recurrent,
	title={Recurrent instance segmentation},
	author={Romera-Paredes, Bernardino and Torr, Philip Hilaire Sean},
	booktitle={ECCV},
	year={2016}
}

@inproceedings{savva2015semantically,
	title={Semantically-enriched 3D models for common-sense knowledge},
	author={Savva, Manolis and Chang, Angel X and Hanrahan, Pat},
	booktitle={CVPR},
	year={2015}
}

[24]simonyan2014two

@article{soomro2012ucf101,
	title={UCF101: A dataset of 101 human actions classes from videos in the wild},
	author={Soomro, Khurram and Zamir, Amir Roshan and Shah, Mubarak},
	journal={arXiv preprint arXiv:1212.0402},
	year={2012}
}

@inproceedings{sundaram2010dense,
	title={Dense point trajectories by GPU-accelerated large displacement optical flow},
	author={Sundaram, Narayanan and Brox, Thomas and Keutzer, Kurt},
	booktitle={ECCV},
	year={2010}
}

@inproceedings{brox2010object,
	title={Object segmentation by long term analysis of point trajectories},
	author={Brox, Thomas and Malik, Jitendra},
	booktitle={ECCV},
	year={2010}
}

@inproceedings{teney2016learning,
	title={Learning to extract motion from videos in convolutional neural networks},
	author={Teney, Damien and Hebert, Martial},
	booktitle={Asian Conference on Computer Vision},
	pages={412--428},
	year={2016},
	organization={Springer}
}

[29]Thewlis2016Fully

@inproceedings{tran2016deep,
	title={Deep end2end voxel2voxel prediction},
	author={Tran, Du and Bourdev, Lubomir and Fergus, Rob and Torresani, Lorenzo and Paluri, Manohar},
	booktitle={CVPR},
	year={2016}
}

[31] Weinzaepfel2013DeepFlow

[32]wulff2015efficient

@inproceedings{jason2016back,
	title={Back to basics: Unsupervised learning of optical flow via brightness constancy and motion smoothness},
	author={Jason, J Yu and Harley, Adam W and Derpanis, Konstantinos G},
	booktitle={European Conference on Computer Vision},
	year={2016}
}
